
@article{AEL14,
  title={Channel estimation and hybrid precoding for millimeter wave cellular systems},
  author={Alkhateeb, Ahmed and El Ayach, Omar and Leus, Geert and Heath, Robert W},
  journal={IEEE Journal of Selected Topics in Signal Processing},
  volume={8},
  number={5},
  pages={831--846},
  year={2014},
  publisher={IEEE}
}


@article{ALS14,
  title={Millimeter wave channel modeling and cellular capacity evaluation},
  author={Akdeniz, Mustafa Riza and Liu, Yuanpeng and Samimi, Mathew K and Sun, Shu and Rangan, Sundeep and Rappaport, Theodore S and Erkip, Elza},
  journal={IEEE journal on selected areas in communications},
  volume={32},
  number={6},
  pages={1164--1179},
  year={2014},
  publisher={IEEE}
}


@article{ALH15,
  title={Compressed sensing based multi-user millimeter wave systems: How many measurements are needed?},
  author={Alkhateeb, Ahmed and Leus, Geert and Heath, Robert W},
  journal={2015 IEEE International Conference on Acoustics, Speech and Signal Processing (ICASSP)},
  pages={2909--2913},
  year={2015},
  publisher={IEEE}
}

@inproceedings{AsR10,
  title={On the lasso and dantzig selector equivalence},
  author={Asif, M Salman and Romberg, Justin},
  booktitle={2010 44th Annual Conference on Information Sciences and Systems (CISS)},
  pages={1--6},
  year={2010},
  organization={IEEE}
}


@article{BHS10,
  title={Compressed channel sensing: A new approach to estimating sparse multipath channels},
  author={Bajwa, Waheed U and Haupt, Jarvis and Sayeed, Akbar M and Nowak, Robert},
  journal={Proceedings of the IEEE},
  volume={98},
  number={6},
  pages={1058--1076},
  year={2010},
  publisher={Ieee}
}

@article{BHR08,
  title={Compressed channel sensing},
  author={Bajwa, Waheed U and Haupt, Jarvis and Raz, Gil and Nowak, Robert},
  journal={2008 42nd Annual Conference on Information Sciences and Systems},
  pages={5--10},
  year={2008},
  publisher={IEEE}
}

@article{BDD08,
  title={A simple proof of the restricted isometry property for random matrices},
  author={Baraniuk, Richard and Davenport, Mark and DeVore, Ronald and Wakin, Michael},
  journal={Constructive Approximation},
  volume={28},
  number={3},
  pages={253--263},
  year={2008},
  publisher={Springer}
}

@article{BEE10,
  title={Coherence-based performance guarantees for estimating a sparse vector under random noise},
  author={Ben-Haim, Zvika and Eldar, Yonina C and Elad, Michael},
  journal={IEEE Transactions on Signal Processing},
  volume={58},
  number={10},
  pages={5030--5043},
  year={2010},
  publisher={IEEE}
}

@book{BoV04,
  title={Convex optimization},
  author={Boyd, Stephen and Vandenberghe, Lieven},
  year={2004},
  publisher={Cambridge U.\ press}
}


@book{CaR05,
  title={\m {\ell_1}-magic: Recovery of sparse signals via convex programming},
  author={Candès, Emmanuel and Romberg, Justin},
  year={2005},
  publisher={retrieved from \Tt{www.acm.caltech.edu/l1magic/downloads/l1magic.pdf}}
}

@article{Can05,
  title={Decoding by Linear Programming},
  author={Candès, Emmanuel J and Tao, Terence},
  journal={IEEE Transactions on Information Theory},
  volume={51},
  number={12},
  pages={4203},
  year={2005}
}

@article{CaT07,
  title={The Dantzig selector: Statistical estimation when \m {p} is much larger than \m {n}},
  author={Candès, Emmanuel and Tao, Terence},
  journal={The annals of Statistics},
  volume={35},
  number={6},
  pages={2313--2351},
  year={2007},
  publisher={Institute of Mathematical Statistics}
}

@article{CaW11,
  title={Orthogonal matching pursuit for sparse signal recovery with noise},
  author={Cai, T Tony and Wang, Lie},
  journal={Information Theory, IEEE Transactions on},
  year={2011},
  publisher={Citeseer}
}

@article{CWX10,
  title={Stable recovery of sparse signals and an oracle inequality},
  author={Cai, Tony Tony and Wang, Lie and Xu, Guangwu},
  journal={IEEE Transactions on Information Theory},
  volume={56},
  number={7},
  pages={3516--3522},
  year={2010},
  publisher={IEEE}
}

@inproceedings{DJN15,
  title={Leveraging sparsity into massive MIMO channel estimation with the adaptive-LASSO},
  author={Destino, Giuseppe and Juntti, Markku and Nagaraj, Shirish},
  booktitle={2015 IEEE Global Conference on Signal and Information Processing (GlobalSIP)},
  pages={166--170},
  year={2015},
  organization={IEEE}
}


@article{DiB16,
  author ={Steven Diamond and Stephen Boyd},
  title  ={CVXPY: A Python-Embedded Modeling Language for Convex Optimization},
  journal={Journal of Machine Learning Research},
  year   ={2016},
  volume ={17},
  number ={83},
  pages  ={1--5},
}

@article{EHJ04,
  title={Least angle regression},
  author={Efron, Bradley and Hastie, Trevor and Johnstone, Iain and Tibshirani, Robert and others},
  journal={The Annals of statistics},
  volume={32},
  number={2},
  pages={407--499},
  year={2004},
  publisher={Institute of Mathematical Statistics}
}

@article{FrS07,
  title={Discussion: the Dantzig selector: statistical estimation when p is much larger than n},
  author={Friedlander, Michael P and Saunders, Michael A},
  journal={The Annals of Statistics},
  volume={35},
  number={6},
  pages={2385--2391},
  year={2007},
  publisher={JSTOR}
}

@article{GDW15,
  title={Spatially common sparsity based adaptive channel estimation and feedback for FDD massive MIMO},
  author={Gao, Zhen and Dai, Linglong and Wang, Zhaocheng and Chen, Sheng},
  journal={IEEE Transactions on Signal Processing},
  volume={63},
  number={23},
  pages={6169--6183},
  year={2015},
  publisher={IEEE}
}


@article{HWH13,
  title={A new sparse channel estimation and tracking method for time-varying OFDM systems},
  author={Hu, Die and Wang, Xiaodong and He, Lianghua},
  journal={IEEE Transactions on Vehicular Technology},
  volume={62},
  number={9},
  pages={4648--4653},
  year={2013},
  publisher={IEEE}
}

@book{KlM17,
  title={Geometric Aspects of Functional Analysis},
  author={Klartag, Bo'az and Milman, Emanuel},
  year={2017},
  publisher={Springer}
}

@article{LaM00,
  title={Adaptive estimation of a quadratic functional by model selection},
  author={Laurent, Beatrice and Massart, Pascal},
  journal={Annals of Statistics},
  pages={1302--1338},
  year={2000},
  publisher={JSTOR}
}

@inproceedings{LLL17,
  title={Optimal-tuned weighted LASSO for massive MIMO channel estimation with limited RF chains},
  author={Lian, Lixiang and Liu, An and Lau, Vincent KN},
  booktitle={GLOBECOM 2017-2017 IEEE Global Communications Conference},
  pages={1--6},
  year={2017},
  organization={IEEE}
}


@article{LGL16,
  title={Channel estimation via orthogonal matching pursuit for hybrid MIMO systems in millimeter wave communications},
  author={Lee, Junho and Gil, Gye-Tae and Lee, Yong H},
  journal={IEEE Transactions on Communications},
  volume={64},
  number={6},
  pages={2370--2386},
  year={2016},
  publisher={IEEE}
}

@article{RDD18,
  title={A systematic review of compressive sensing: Concepts, implementations and applications},
  author={Rani, Meenu and Dhok, Sanjay B and Deshmukh, RB},
  journal={IEEE Access},
  volume={6},
  pages={4875--4894},
  year={2018},
  publisher={IEEE}
}

@article{RSM13,
  title={Millimeter wave mobile communications for 5G cellular: It will work!},
  author={Rappaport, Theodore S and Sun, Shu and Mayzus, Rimma and Zhao, Hang and Azar, Yaniv and Wang, Kevin and Wong, George N and Schulz, Jocelyn K and Samimi, Mathew and Gutierrez, Felix},
  journal={IEEE access},
  volume={1},
  pages={335--349},
  year={2013},
  publisher={IEEE}
}

@article{TrG07a,
  title={Signal recovery from random measurements via orthogonal matching pursuit: The Gaussian case},
  author={Tropp, Joel A and Gilbert, Anna C},
  year={2007},
  publisher={California Institute of Technology}
}

@article{TrG07b,
  title={Signal recovery from random measurements via orthogonal matching pursuit},
  author={Tropp, Joel A and Gilbert, Anna C},
  journal={IEEE Transactions on information theory},
  volume={53},
  number={12},
  pages={4655--4666},
  year={2007}
}

@article{VAT19,
  title={Wideband MIMO channel estimation for hybrid beamforming millimeter wave systems via random spatial sampling},
  author={Vlachos, Evangelos and Alexandropoulos, George C and Thompson, John},
  journal={IEEE Journal of Selected Topics in Signal Processing},
  volume={13},
  number={5},
  pages={1136--1150},
  year={2019},
  publisher={IEEE}
}

