


% % % % %
@article{Ach01,
  author={Achlioptas, Dimitris},
  title={Database-friendly Random Projections},
  journal={Proceedings of the Twentieth ACM SIGMOD-SIGACT-SIGART Symposium on Principles of Database Systems},
  pages={274--281},
  year={2001},
  publisher={ACM},
} 

@article{ALS14,
  title={Millimeter wave channel modeling and cellular capacity evaluation},
  author={Akdeniz, Mustafa Riza and Liu, Yuanpeng and Samimi, Mathew K and Sun, Shu and Rangan, Sundeep and Rappaport, Theodore S and Erkip, Elza},
  journal={IEEE journal on selected areas in communications},
  volume={32},
  number={6},
  pages={1164--1179},
  year={2014},
  publisher={IEEE}
}

@article{AEL14,
  title={Channel estimation and hybrid precoding for millimeter wave cellular systems},
  author={Alkhateeb, Ahmed and El Ayach, Omar and Leus, Geert and Heath, Robert W},
  journal={IEEE Journal of Selected Topics in Signal Processing},
  volume={8},
  number={5},
  pages={831--846},
  year={2014},
  publisher={IEEE}
}

@article{ALH15,
  title={Compressed sensing based multi-user millimeter wave systems: How many measurements are needed?},
  author={Alkhateeb, Ahmed and Leus, Geert and Heath, Robert W},
  journal={2015 IEEE International Conference on Acoustics, Speech and Signal Processing (ICASSP)},
  pages={2909--2913},
  year={2015},
  publisher={IEEE}
}

@article{BHS10,
  title={Compressed channel sensing: A new approach to estimating sparse multipath channels},
  author={Bajwa, Waheed U and Haupt, Jarvis and Sayeed, Akbar M and Nowak, Robert},
  journal={Proceedings of the IEEE},
  volume={98},
  number={6},
  pages={1058--1076},
  year={2010},
  publisher={Ieee}
}

@article{BHR08,
  title={Compressed channel sensing},
  author={Bajwa, Waheed U and Haupt, Jarvis and Raz, Gil and Nowak, Robert},
  journal={2008 42nd Annual Conference on Information Sciences and Systems},
  pages={5--10},
  year={2008},
  publisher={IEEE}
}

@article{BDD08,
  title={A simple proof of the restricted isometry property for random matrices},
  author={Baraniuk, Richard and Davenport, Mark and DeVore, Ronald and Wakin, Michael},
  journal={Constructive Approximation},
  volume={28},
  number={3},
  pages={253--263},
  year={2008},
  publisher={Springer}
}

@article{BEE10,
  title={Coherence-based performance guarantees for estimating a sparse vector under random noise},
  author={Ben-Haim, Zvika and Eldar, Yonina C and Elad, Michael},
  journal={IEEE Transactions on Signal Processing},
  volume={58},
  number={10},
  pages={5030--5043},
  year={2010},
  publisher={IEEE}
}

@book{BoV04,
  title={Convex optimization},
  author={Boyd, Stephen and Vandenberghe, Lieven},
  year={2004},
  publisher={Cambridge U.\ press}
}

% % % % %
@article{CRT06,
  title={Robust uncertainty principles: Exact signal reconstruction from highly incomplete frequency information},
  author={Candès, Emmanuel J and Romberg, Justin and Tao, Terence},
  journal={IEEE Transactions on information theory},
  volume={52},
  number={2},
  pages={489--509},
  year={2006},
  publisher={IEEE}
}

@book{CaR05,
  title={\m {\ell_1}-magic: Recovery of sparse signals via convex programming},
  author={Candès, Emmanuel and Romberg, Justin},
  year={2005}
  publisher={retrieved from \Tt{www.acm.caltech.edu/l1magic/downloads/l1magic.pdf}},
}

@article{Can05,
  title={Decoding by Linear Programming},
  author={Candès, Emmanuel J and Tao, Terence},
  journal={IEEE Transactions on Information Theory},
  volume={51},
  number={12},
  pages={4203},
  year={2005}
}

% % % % %
@article{CaT06,
  title={Near-optimal signal recovery from random projections: Universal encoding strategies?},
  author={Candès, Emmanuel J and Tao, Terence},
  journal={IEEE transactions on information theory},
  volume={52},
  number={12},
  pages={5406--5425},
  year={2006},
  publisher={IEEE}
}

@article{CaT07,
  title={The Dantzig selector: Statistical estimation when \m {p} is much larger than \m {n}},
  author={Candès, Emmanuel and Tao, Terence},
  journal={The annals of Statistics},
  volume={35},
  number={6},
  pages={2313--2351},
  year={2007},
  publisher={Institute of Mathematical Statistics}
}

@article{CaW11,
  title={Orthogonal matching pursuit for sparse signal recovery with noise},
  author={Cai, T Tony and Wang, Lie},
  journal={Information Theory, IEEE Transactions on},
  year={2011},
  publisher={Citeseer}
}

@article{CWX10,
  title={Stable recovery of sparse signals and an oracle inequality},
  author={Cai, Tony Tony and Wang, Lie and Xu, Guangwu},
  journal={IEEE Transactions on Information Theory},
  volume={56},
  number={7},
  pages={3516--3522},
  year={2010},
  publisher={IEEE}
}

@article{DiB16,
  author ={Steven Diamond and Stephen Boyd},
  title  ={CVXPY: A Python-Embedded Modeling Language for Convex Optimization},
  journal={Journal of Machine Learning Research},
  year   ={2016},
  volume ={17},
  number ={83},
  pages  ={1--5},
}

% % % % %
@book{FoR17,
  title={A Mathematical Introduction to Compressive Sensing},
  author={Foucart, Simon and Rauhut, Holger},
  year={2017},
  publisher={Springer}
}

@article{FrS07,
  title={Discussion: the Dantzig selector: statistical estimation when p is much larger than n},
  author={Friedlander, Michael P and Saunders, Michael A},
  journal={The Annals of Statistics},
  volume={35},
  number={6},
  pages={2385--2391},
  year={2007},
  publisher={JSTOR}
}

% % % % %
@article{GDW15,
  title={Spatially common sparsity based adaptive channel estimation and feedback for FDD massive MIMO},
  author={Gao, Zhen and Dai, Linglong and Wang, Zhaocheng and Chen, Sheng},
  journal={IEEE Transactions on Signal Processing},
  volume={63},
  number={23},
  pages={6169--6183},
  year={2015},
  publisher={IEEE}
}

@article{GJJ03,
  title={Capacity limits of MIMO channels},
  author={Goldsmith, Andrea and Jafar, Syed Ali and Jindal, Nihar and Vishwanath, Sriram},
  journal={IEEE Journal on selected areas in Communications},
  volume={21},
  number={5},
  pages={684--702},
  year={2003},
  publisher={Citeseer}
}

@article{GYG18,
  title={Sparse channel estimation in millimeter-wave communications via parameter perturbed OMP},
  author={Gurbuz, Ali Cafer and Yapici, Yavuz and Guvenc, Ismail},
  journal={2018 IEEE International Conference on Communications Workshops (ICC Workshops)},
  pages={1--6},
  year={2018},
  publisher={IEEE}
}




% % % % %
@article{HGR16,
  title={An overview of signal processing techniques for millimeter wave MIMO systems},
  author={Heath, Robert W and Gonzalez-Prelcic, Nuria and Rangan, Sundeep and Roh, Wonil and Sayeed, Akbar M},
  journal={IEEE journal of selected topics in signal processing},
  volume={10},
  number={3},
  pages={436--453},
  year={2016},
  publisher={IEEE}
}

@article{HWH13,
  title={A new sparse channel estimation and tracking method for time-varying OFDM systems},
  author={Hu, Die and Wang, Xiaodong and He, Lianghua},
  journal={IEEE Transactions on Vehicular Technology},
  volume={62},
  number={9},
  pages={4648--4653},
  year={2013},
  publisher={IEEE}
}

@book{KlM17,
  title={Geometric Aspects of Functional Analysis},
  author={Klartag, Bo'az and Milman, Emanuel},
  year={2017},
  publisher={Springer}
}

@article{LGL16,
  title={Channel estimation via orthogonal matching pursuit for hybrid MIMO systems in millimeter wave communications},
  author={Lee, Junho and Gil, Gye-Tae and Lee, Yong H},
  journal={IEEE Transactions on Communications},
  volume={64},
  number={6},
  pages={2370--2386},
  year={2016},
  publisher={IEEE}
}

@article{LGC16,
  title={Codebook design for massive MIMO systems in LTE},
  author={Li, Hui and Gao, Qiubin and Chen, Runhua and Tamrakar, Rakesh and Sun, Shaohui and Chen, Wenhong},
  journal={2016 IEEE 83rd Vehicular Technology Conference (VTC Spring)},
  pages={1--5},
  year={2016},
  publisher={IEEE}
}

% % % % %
@article{LaM00,
  title={Adaptive estimation of a quadratic functional by model selection},
  author={Laurent, Beatrice and Massart, Pascal},
  journal={Annals of Statistics},
  pages={1302--1338},
  year={2000},
  publisher={JSTOR}
}

@article{MaK17,
  title={Multi-user millimeter wave channel estimation using generalized block OMP algorithm},
  author={Manoj, A and Kannu, Arun Pachai},
  booktitle={2017 IEEE 18th International Workshop on Signal Processing Advances in Wireless Communications (SPAWC)},
  pages={1--5},
  year={2017},
  organization={IEEE}
}

@article{PAU19,
  title={Sparse Channel Estimation for OFDM-Based Underwater Acoustic Systems in Rician Fading With a New OMP-MAP Algorithm},
  author={Panayirci, Erdal and Altabbaa, Mhd Tahssin and Uysal, Murat and Poor, H Vincent},
  journal={IEEE Transactions on Signal Processing},
  volume={67},
  number={6},
  pages={1550--1565},
  year={2019},
  publisher={IEEE}
}

@article{RSM13,
  title={Millimeter wave mobile communications for 5G cellular: It will work!},
  author={Rappaport, Theodore S and Sun, Shu and Mayzus, Rimma and Zhao, Hang and Azar, Yaniv and Wang, Kevin and Wong, George N and Schulz, Jocelyn K and Samimi, Mathew and Gutierrez, Felix},
  journal={IEEE access},
  volume={1},
  pages={335--349},
  year={2013},
  publisher={IEEE}
}

@article{TrG07a,
  title={Signal recovery from random measurements via orthogonal matching pursuit: The Gaussian case},
  author={Tropp, Joel A and Gilbert, Anna C},
  year={2007},
  publisher={California Institute of Technology}
}

@article{TrG07b,
  title={Signal recovery from random measurements via orthogonal matching pursuit},
  author={Tropp, Joel A and Gilbert, Anna C},
  journal={IEEE Transactions on information theory},
  volume={53},
  number={12},
  pages={4655--4666},
  year={2007}
}

